% This file was created with JabRef 2.10.
% Encoding: UTF-8

@Misc{covid-wiki,
  Title                 = {Wiki - Coronavirus disease 2019},
  Month              = sep,
  Year                 = {2020},
  Url                    = {https://en.wikipedia.org/wiki/Coronavirus_disease_2019}
}

@Misc{worldometer-population,
  Title                 = {WorldOMeter - World Population by Year},
  Month              = sep,
  Year                 = {2020},
  Url                    = {https://www.worldometers.info/world-population/world-population-by-year/}
}

@Misc{cdc-dataset,
  Title                 = {CDC - United States COVID-19 Cases and Deaths by State over Time},
  Month              = sep,
  Year                 = {2020},
  Url                    = {https://data.cdc.gov/Case-Surveillance/United-States-COVID-19-Cases-and-Deaths-by-State-o/9mfq-cb36/}
}

@Misc{pop-clock,
  Title                 = {Census - U.S. and World Population Clock},
  Month              = sep,
  Year                 = {2020},
  Url                    = {https://www.census.gov/popclock/}
}

@Misc{natstcopr-methv2,
  Title                 = {METHODOLOGY FOR THE UNITED STATES POPULATION ESTIMATES: VINTAGE 2019},
  Month              = sep,
  Year                 = {2020},
  Url                    = {https://www2.census.gov/programs-surveys/popest/technical-documentation/methodology/2010-2019/natstcopr-methv2.pdf}
}

@Misc{wiki-mean,
  Title                 = {Wikipedia - Mean},
  Month              = sep,
  Year                 = {2020},
  Url                    = {https://en.wikipedia.org/wiki/Mean}
}

@Misc{wiki-silhouette,
  Title                 = {Wikipedia - Silhouette (clustering)},
  Month              = sep,
  Year                 = {2020},
  Url                    = {https://en.wikipedia.org/wiki/Silhouette_(clustering)}
}

@Misc{wiki-pearson,
  Title                 = {Wikipedia - Silhouette (clustering)},
  Month              = sep,
  Year                 = {2020},
  Url                    = {https://en.wikipedia.org/wiki/Pearson_correlation_coefficient)}
}

% look through the list to identify what can I do better

@Misc{arxiv-2009.12325,
  Title                 = {Predicting COVID-19 cases using Bidirectional LSTMon multivariate time series},
  Url                    = {https://arxiv.org/pdf/2009.12325.pdf}
}

@Misc{arxiv-2009.12649,
  Title                 = {Estimation of the incubation time distribution for COVID-19},
  Url                    = {https://arxiv.org/pdf/2009.12649.pdf}
}

@Misc{arxiv-2009.12968,
  Title                 = {Beyond COVID-19:Network science and sustainable exit strategies},
  Url                    = {https://arxiv.org/pdf/2009.12968.pdf}
}

@Misc{arxiv-2009.13674,
  Title                 = {VACCINATION STRATEGIES AGAINSTCOVID-19AND  THEDIFFUSION OF ANTI-VACCINATION VIEWS},
  Url                    = {https://arxiv.org/pdf/2009.13674.pdf}
}

@Misc{arxiv-2009.12964,
  Title                 = {A Model-Based Approach To Assess Epidemic Risk},
  Url                    = {https://arxiv.org/pdf/2009.12964.pdf}
}

@Misc{arxiv-2009.12176,
  Title                 = {COVID-19 Pandemic Prediction using Time SeriesForecasting Models},
  Url                    = {https://arxiv.org/pdf/2009.12176.pdf}
}

@Misc{arxiv-2009.08363,
  Title                 = {Functional data analysis: An application to COVID-19 data in the United States},
  Url                    = {https://arxiv.org/pdf/2009.08363.pdf}
}

@Misc{arxiv-2009.07356,
  Title                 = {High-resolution Spatio-temporal Model forCounty-level COVID-19 Activity in the U.S.},
  Url                    = {https://arxiv.org/pdf/2009.07356.pdf}
}

@Misc{arxiv-2009.05285,
  Title                 = {Temporal Analysis of COVID-19 Peak Outbreak},
  Url                    = {https://arxiv.org/ftp/arxiv/papers/2009/2009.05285.pdf}
}

% https://en.wikipedia.org/wiki/Anthony_Fauci
@Misc{nih-2002387,
  Title                 = {Covid-19 — Navigating the Uncharted},
  Author            = {Anthony_Fauci}, 
  Url                    = {https://www.ncbi.nlm.nih.gov/pmc/articles/PMC7121221/pdf/NEJMe2002387.pdf}
}

@Misc{twitter-1311892190680014849,
  Title                 = {Twitter - Donald J Trump},
  Author            = {Donald J Trump}, 
  Month              = oct,
  Year                 = {2020},
  Url                    = {https://twitter.com/realDonaldTrump/status/1311892190680014849}
}

@Misc{mn-100220,
  Title                 = {Twitter - Donald J Trump},
  Url                    = {https://www.health.state.mn.us/news/pressrel/2020/statement100220.html}
}

@Misc{cnn-20201004,
  Title                 = {CNN - Covid-19 cases within Trump's circle},
  Url                    = {https://www.cnn.com/2020/10/04/politics/trump-circle-covid-cases/index.html}
}


@Misc{fortune-20200804,
  Title                 = {fortune - A running list of companies that have filed for bankruptcy during the coronavirus pandemic},
  Url                    = {https://fortune.com/2020/08/04/companies-filing-bankruptcy-2020-due-to-covid-list-filed-chapter-11-coronavirus-pandemic/}
}


@Misc{cdc-pandemic,
  Title                 = {CDC - 1918 Pandemic Influenza Historic Timeline},
  Url                    = {https://www.cdc.gov/flu/pandemic-resources/1918-commemoration/pandemic-timeline-1918.htm}
}

@Misc{cdc-pastpandemics,
  Title                 = {CDC - Past Pandemics},
  Url                    = {https://www.cdc.gov/flu/pandemic-resources/basics/past-pandemics.html}
}

@Misc{scipy-linregress,
  Title                 = {scipy.stats.linregress¶},
  Url                    = {https://docs.scipy.org/doc/scipy/reference/generated/scipy.stats.linregress.html}
}




